<collection xmlns="http://www.loc.gov/MARC21/slim">
<record>
  <leader>01523nam0a2200253 i 450 </leader>
  <controlfield tag="001">IT\ICCU\CNCE\060524</controlfield>
  <controlfield tag="005">20121124000000.0</controlfield>
  <datafield tag="012" ind1=" " ind2=" ">
    <subfield code="a">e-ep sooi eli- redi (C) 1525 (R)</subfield>
    <subfield code="2">fei</subfield>
  </datafield>
  <datafield tag="100" ind1=" " ind2=" ">
    <subfield code="a">20050513d1525        0itac0103    ba</subfield>
  </datafield>
  <datafield tag="101" ind1=" " ind2=" ">
    <subfield code="a">ITA</subfield>
  </datafield>
  <datafield tag="102" ind1=" " ind2=" ">
    <subfield code="a">IT</subfield>
  </datafield>
  <datafield tag="200" ind1="1" ind2=" ">
    <subfield code="a">Libro del Maestro &amp; del discipolo: nelquale si dechiara la scriptura di molte sententie intitulato Lucidario: nouamente reuisto e da molti errori expurgato: &amp; in lingua toscha ridutto</subfield>
  </datafield>
  <datafield tag="210" ind1=" " ind2=" ">
    <subfield code="a">\Venezia</subfield>
    <subfield code="c">Melchiorre Sessa 1. &amp; Pietro Ravani!</subfield>
    <subfield code="e">Stampata nella inclyta cita di uenetia per Marchio Sessa &amp; Pietro de Rauani compagni</subfield>
    <subfield code="h">nel anno 1525 adi xv decembrio</subfield>
  </datafield>
  <datafield tag="215" ind1=" " ind2=" ">
    <subfield code="a">\56! c.</subfield>
    <subfield code="d">8ʻ</subfield>
  </datafield>
  <datafield tag="620" ind1=" " ind2=" ">
    <subfield code="a">IT</subfield>
    <subfield code="d">Venezia</subfield>
  </datafield>
  <datafield tag="700" ind1=" " ind2="0">
    <subfield code="a">Honorius</subfield>
    <subfield code="c"> : Augustodunensis</subfield>
    <subfield code="3">IT\ICCU\CNCA\006488</subfield>
  </datafield>
  <datafield tag="712" ind1="0" ind2="0">
    <subfield code="a">Sessa, Melchiorre &lt;1.&gt; &amp; Ravani, Pietro</subfield>
    <subfield code="3">IT\ICCU\CNCT\000373</subfield>
    <subfield code="4">650</subfield>
  </datafield>
  <datafield tag="790" ind1=" " ind2="0">
    <subfield code="a">Onorio</subfield>
    <subfield code="c"> : di#Autun</subfield>
    <subfield code="3">IT\ICCU\CNCA\019873</subfield>
    <subfield code="z">Honorius : Augustodunensis</subfield>
  </datafield>
  <datafield tag="791" ind1="0" ind2="0">
    <subfield code="a">Sessa, Marchio &amp; Serena, Piero da la</subfield>
    <subfield code="3">IT\ICCU\CNCT\005662</subfield>
    <subfield code="z">Sessa, Melchiorre &lt;1.&gt; &amp; Ravani, Pietro</subfield>
  </datafield>
  <datafield tag="801" ind1=" " ind2="3">
    <subfield code="a">IT</subfield>
    <subfield code="b">ICCU</subfield>
    <subfield code="c">20201115</subfield>
  </datafield>
  <datafield tag="899" ind1=" " ind2=" ">
    <subfield code="a">Biblioteca Apostolica Vaticana. Citt ̉del Vaticano</subfield>
    <subfield code="1">EX0001</subfield>
    <subfield code="2">ZCV 01</subfield>
  </datafield>
  <datafield tag="899" ind1=" " ind2=" ">
    <subfield code="a">Biblioteca pedagogica nazionale dell&apos;Istituto Nazionale di Documentazione per l&apos;Innovazione e la Ricerca Educativa. Firenze</subfield>
    <subfield code="1">FI0097</subfield>
    <subfield code="2">ZFI 60</subfield>
  </datafield>
  <datafield tag="911" ind1=" " ind2=" ">
    <subfield code="a">Sul front.</subfield>
    <subfield code="9">IT\ICCU\CNCM\001927</subfield>
  </datafield>
  <datafield tag="921" ind1=" " ind2=" ">
    <subfield code="a">IT\ICCU\CNCM\001927</subfield>
    <subfield code="b">Gatto con topo in bocca in cerchio formato da rami e sormontato da corona. Ai lati della corona iniziali M.S.</subfield>
    <subfield code="c">Z596</subfield>
    <subfield code="f">GATTO</subfield>
    <subfield code="f">CORONA</subfield>
    <subfield code="f">MS</subfield>
    <subfield code="g">1518-1543</subfield>
  </datafield>
</record>
</collection>
